<record><leader>00000cas a2200000 a 4500</leader><controlfield tag="001">16163460</controlfield><controlfield tag="008">870713c19729999miuwn n       0   a0eng c</controlfield><datafield ind1=" " ind2=" " tag="010"><subfield code="a">sn 98066846 </subfield></datafield><datafield ind1=" " ind2=" " tag="040"><subfield code="a">EZN</subfield><subfield code="b">eng</subfield><subfield code="c">EZN</subfield><subfield code="d">MHN</subfield><subfield code="d">OCL</subfield><subfield code="d">OCLCQ</subfield><subfield code="d">OCLCF</subfield><subfield code="d">OCLCO</subfield></datafield><datafield ind1="1" ind2=" " tag="029"><subfield code="a">AU@</subfield><subfield code="b">000014355966</subfield></datafield><datafield ind1=" " ind2=" " tag="037"><subfield code="b">Lee Hall, Northern Michigan University, Marquette, MI 49855</subfield></datafield><datafield ind1=" " ind2=" " tag="042"><subfield code="a">pcc</subfield></datafield><datafield ind1=" " ind2=" " tag="043"><subfield code="a">n-us-mi</subfield></datafield><datafield ind1=" " ind2="4" tag="050"><subfield code="a">LD4011.N39</subfield><subfield code="b">N67</subfield></datafield><datafield ind1="0" ind2=" " tag="130"><subfield code="a">North wind (Marquette, Mich.)</subfield></datafield><datafield ind1="1" ind2="0" tag="245"><subfield code="a">North wind.</subfield></datafield><datafield ind1=" " ind2=" " tag="260"><subfield code="a">Marquette, Mich. :</subfield><subfield code="b">North Wind,</subfield><subfield code="c">1972-</subfield></datafield><datafield ind1=" " ind2=" " tag="300"><subfield code="a">v. :</subfield><subfield code="b">ill. ;</subfield><subfield code="c">35-44 cm.</subfield></datafield><datafield ind1=" " ind2=" " tag="310"><subfield code="a">Weekly (every Thursday, Sept.-May)</subfield></datafield><datafield ind1=" " ind2=" " tag="321"><subfield code="a">Weekly (Sept.-July)</subfield></datafield><datafield ind1="0" ind2=" " tag="362"><subfield code="a">Vol. 1, no. 1 (Sept. 14, 1972)-</subfield></datafield><datafield ind1="2" ind2="0" tag="610"><subfield code="a">Northern Michigan University</subfield><subfield code="v">Newspapers.</subfield></datafield><datafield ind1=" " ind2="0" tag="651"><subfield code="a">Marquette (Mich.)</subfield><subfield code="v">Newspapers.</subfield></datafield><datafield ind1=" " ind2="0" tag="651"><subfield code="a">Marquette County (Mich.)</subfield><subfield code="v">Newspapers.</subfield></datafield><datafield ind1=" " ind2="7" tag="655"><subfield code="a">Newspapers.</subfield><subfield code="2">fast</subfield><subfield code="0">(OCoLC)fst01423814</subfield></datafield><datafield ind1="2" ind2="7" tag="610"><subfield code="a">Northern Michigan University.</subfield><subfield code="2">fast</subfield><subfield code="0">(OCoLC)fst00559445</subfield></datafield><datafield ind1=" " ind2="7" tag="651"><subfield code="a">Michigan</subfield><subfield code="z">Marquette.</subfield><subfield code="2">fast</subfield><subfield code="0">(OCoLC)fst01214886</subfield></datafield><datafield ind1=" " ind2="7" tag="651"><subfield code="a">Michigan</subfield><subfield code="z">Marquette County.</subfield><subfield code="2">fast</subfield><subfield code="0">(OCoLC)fst01213518</subfield></datafield><datafield ind1=" " ind2=" " tag="752"><subfield code="a">United States</subfield><subfield code="b">Michigan</subfield><subfield code="c">Marquette</subfield><subfield code="d">Marquette.</subfield></datafield><datafield ind1="0" ind2="1" tag="780"><subfield code="t">Northern news (Marquette, Mich.)</subfield><subfield code="w">(DLC)sn 98066983</subfield><subfield code="w">(OCoLC)16163249</subfield></datafield></record>